	@inproceedings{johnson2013accelerating,
		title={Accelerating stochastic gradient descent using predictive variance reduction},
		author={Johnson, Rie and Zhang, Tong},
		booktitle={Advances in neural information processing systems},
		pages={315--323},
		year={2013}
	}
@article{jordan2019communication,
	title={Communication-efficient distributed statistical inference},
	author={Jordan, Michael I and Lee, Jason D and Yang, Yun},
	journal={Journal of the American Statistical Association},
	volume={114},
	number={526},
	pages={668--681},
	year={2019},
	publisher={Taylor \& Francis}
}
@article{bahadur1966note,
	title={A note on quantiles in large samples},
	author={Bahadur, R Raj},
	journal={The Annals of Mathematical Statistics},
	volume={37},
	number={3},
	pages={577--580},
	year={1966},
	publisher={JSTOR}
}
@article{babu1989strong,
	title={Strong representations for LAD estimators in linear models},
	author={Babu, Gutti Jogesh},
	journal={Probability Theory and Related Fields},
	volume={83},
	number={4},
	pages={547--558},
	year={1989},
	publisher={Springer}
}
@article{tibshirani2013lasso,
	title={The lasso problem and uniqueness},
	author={Tibshirani, Ryan J and others},
	journal={Electronic Journal of Statistics},
	volume={7},
	pages={1456--1490},
	year={2013},
	publisher={The Institute of Mathematical Statistics and the Bernoulli Society}
}
@article{wainwright2009sharp,
	title={Sharp thresholds for High-Dimensional and noisy sparsity recovery using $\ell _{1}$-Constrained Quadratic Programming (Lasso)},
	author={Wainwright, Martin J},
	journal={IEEE transactions on information theory},
	volume={55},
	number={5},
	pages={2183--2202},
	year={2009},
	publisher={IEEE}
}
@inproceedings{dwork2006calibrating,
	title={Calibrating noise to sensitivity in private data analysis},
	author={Dwork, Cynthia and McSherry, Frank and Nissim, Kobbi and Smith, Adam},
	booktitle={Theory of cryptography conference},
	pages={265--284},
	year={2006},
	organization={Springer}
}
@book{van2000asymptotic,
	title={Asymptotic statistics},
	author={Van der Vaart, Aad W},
	volume={3},
	year={2000},
	publisher={Cambridge university press}
}
@article{candes2007,
	author = "Candes, Emmanuel and Tao, Terence",
	fjournal = "The Annals of Statistics",
	journal = "Ann. Statist.",
	month = "12",
	number = "6",
	pages = "2313--2351",
	publisher = "The Institute of Mathematical Statistics",
	title = "The Dantzig selector: Statistical estimation when p is much larger than n",
	volume = "35",
	year = "2007"
}
@article{Bickel2008thres,
	author = {Bickel, Peter J. and Levina, Elizaveta},
	journal = {Annals of Statistics},
	keywords = {Covariance estimation,High dimension low sample size.,Large p small n,Regularization,Sparsity,Thresholding},
	mendeley-groups = {HD Covariance matrix},
	number = {6},
	pages = {2577--2604},
	title = {{Covariance regularization by thresholding}},
	volume = {36},
	year = {2008}
}
@article{Bickel2008band,
	author = {Bickel, Peter J. and Levina, Elizaveta},
	journal = {Annals of Statistics},
	keywords = {Banding,Cholesky decomposition,Covariance matrix,Regularization},
	mendeley-groups = {HD Covariance matrix},
	number = {1},
	pages = {199--227},
	title = {{Regularized estimation of large covariance matrices}},
	volume = {36},
	year = {2008}
}
@article{Cai2011,
	author = {Cai, Tony and Liu, Weidong},
	journal = {Journal of the American Statistical Association},
	keywords = {Frobenius norm,Optimal rate of convergence,Spectral norm,Support recovery,Universal thresholding},
	mendeley-groups = {HD Covariance matrix},
	number = {494},
	pages = {672--684},
	title = {{Adaptive thresholding for sparse covariance matrix estimation}},
	volume = {106},
	year = {2011}
}
@article{Rothman2009,
	author = {Adam J. Rothman and Elizaveta Levina and Ji Zhu},
	journal = {Journal of the American Statistical Association},
	keywords = {Covariance,High-dimensional data,Regularization,Sparsity,Thresholding},
	mendeley-groups = {HD Covariance matrix},
	number = {485},
	pages = {177--186},
	title = {{Generalized thresholding of large covariance matrices}},
	volume = {104},
	year = {2009}
}
@article{Fan2001,
	author = {Fan, Jianqing and Li, Runze},
	journal = {Journal of the American Statistical Association},
	keywords = {Hard thresholding,LASSO,Nonnegative garrote,Oracle estimator,Penalized likelihood,SCAD,Soft thresholding},
	mendeley-groups = {Sparse Estimation},
	number = {456},
	pages = {1348--1360},
	title = {{Variable selection via nonconcave penalized likelihood and its oracle properties}},
	volume = {96},
	year = {2001}
}
@article{chen2018first,
	title={First-order newton-type estimator for distributed estimation and inference},
	author={Chen, Xi and Liu, Weidong and Zhang, Yichen},
	journal={arXiv preprint arXiv:1811.11368},
	year={2018}
}

@book{vershynin2018high,
	title={High-dimensional probability: An introduction with applications in data science},
	author={Vershynin, Roman},
	volume={47},
	year={2018},
	publisher={Cambridge University Press}
}
@book{shao2003mathematical,
	title={Mathematical statistics},
	author={Shao, Jun},
	year={2003},
	publisher={Springer}
}
@book{durrett2019probability,
	title={Probability: theory and examples},
	author={Durrett, Rick},
	volume={49},
	year={2019},
	publisher={Cambridge university press}
}
@article{friedman2008sparse,
	title={Sparse inverse covariance estimation with the graphical lasso},
	author={Friedman, Jerome and Hastie, Trevor and Tibshirani, Robert},
	journal={Biostatistics},
	volume={9},
	number={3},
	pages={432--441},
	year={2008},
	publisher={Oxford University Press}
}
@article{ravikumar2011high,
	title={High-dimensional covariance estimation by minimizing ℓ1-penalized log-determinant divergence},
	author={Ravikumar, Pradeep and Wainwright, Martin J and Raskutti, Garvesh and Yu, Bin and others},
	journal={Electronic Journal of Statistics},
	volume={5},
	pages={935--980},
	year={2011},
	publisher={The Institute of Mathematical Statistics and the Bernoulli Society}
}
@article{cai2011constrained,
	title={A constrained ℓ 1 minimization approach to sparse precision matrix estimation},
	author={Cai, Tony and Liu, Weidong and Luo, Xi},
	journal={Journal of the American Statistical Association},
	volume={106},
	number={494},
	pages={594--607},
	year={2011},
	publisher={Taylor \& Francis}
}
@article{benjamini1995controlling,
	title={Controlling the false discovery rate: a practical and powerful approach to multiple testing},
	author={Benjamini, Yoav and Hochberg, Yosef},
	journal={Journal of the Royal statistical society: series B (Methodological)},
	volume={57},
	number={1},
	pages={289--300},
	year={1995},
	publisher={Wiley Online Library}
}
@article{cai2011direct,
	title={A direct estimation approach to sparse linear discriminant analysis},
	author={Cai, Tony and Liu, Weidong},
	journal={Journal of the American statistical association},
	volume={106},
	number={496},
	pages={1566--1577},
	year={2011},
	publisher={Taylor \& Francis}
}