@book{anderson1958introduction,
  title={An introduction to multivariate statistical analysis},
  author={Anderson, Theodore W},
  year={1958},
  publisher={Wiley, New York}
}
@article{Fan2001,
	author = {Fan, Jianqing and Li, Runze},
	journal = {Journal of the American Statistical Association},
	keywords = {Hard thresholding,LASSO,Nonnegative garrote,Oracle estimator,Penalized likelihood,SCAD,Soft thresholding},
	mendeley-groups = {Sparse Estimation},
	number = {456},
	pages = {1348--1360},
	title = {{Variable selection via nonconcave penalized likelihood and its oracle properties}},
	volume = {96},
	year = {2001}
}
@article{donoho1994ideal,
	title={Ideal spatial adaptation by wavelet shrinkage},
	author={Donoho, David L and Johnstone, Jain M},
	journal={Biometrika},
	volume={81},
	number={3},
	pages={425--455},
	year={1994},
	publisher={Oxford University Press}
}
@article{Cai2011,
	author = {Cai, Tony and Liu, Weidong},
	journal = {Journal of the American Statistical Association},
	keywords = {Frobenius norm,Optimal rate of convergence,Spectral norm,Support recovery,Universal thresholding},
	mendeley-groups = {HD Covariance matrix},
	number = {494},
	pages = {672--684},
	title = {{Adaptive thresholding for sparse covariance matrix estimation}},
	volume = {106},
	year = {2011}
}
@book{vershynin2018high,
	title={High-dimensional probability: An introduction with applications in data science},
	author={Vershynin, Roman},
	volume={47},
	year={2018},
	publisher={Cambridge university press}
}
@book{shao2003mathematical,
	title={Mathematical statistics},
	author={Shao, Jun},
	year={2003},
	publisher={Springer}
}
@article{Bickel2008thres,
	author = {Bickel, Peter J. and Levina, Elizaveta},
	journal = {Annals of Statistics},
	keywords = {Covariance estimation,High dimension low sample size.,Large p small n,Regularization,Sparsity,Thresholding},
	mendeley-groups = {HD Covariance matrix},
	number = {6},
	pages = {2577--2604},
	title = {{Covariance regularization by thresholding}},
	volume = {36},
	year = {2008}
}
@article{Johnstone1986,
	author = {Johnstone},
	journal = {Annals of Statistics},
	number = {2},
	pages = {590--606},
	title = {{On minimax estimation of sparse normal mean vector}},
	volume = {14},
	year = {1986}
}
