@article{negahban2012unified,
  title={A unified framework for high-dimensional analysis of $ M $-estimators with decomposable regularizers},
  author={Negahban, Sahand N and Ravikumar, Pradeep and Wainwright, Martin J and Yu, Bin and others},
  journal={Statistical Science},
  volume={27},
  number={4},
  pages={538--557},
  year={2012},
  publisher={Institute of Mathematical Statistics}
}
@article{wainwright2009sharp,
	title={Sharp thresholds for High-Dimensional and noisy sparsity recovery using $\ell _{1}$-Constrained Quadratic Programming (Lasso)},
	author={Wainwright, Martin J},
	journal={IEEE transactions on information theory},
	volume={55},
	number={5},
	pages={2183--2202},
	year={2009},
	publisher={IEEE}
}
@book{vershynin2018high,
	title={High-dimensional probability: An introduction with applications in data science},
	author={Vershynin, Roman},
	volume={47},
	year={2018},
	publisher={Cambridge University Press}
}
@article{cai2011constrained,
	title={A constrained $\ell_{1}$ minimization approach to sparse precision matrix estimation},
	author={Cai, Tony and Liu, Weidong and Luo, Xi},
	journal={Journal of the American Statistical Association},
	volume={106},
	number={494},
	pages={594--607},
	year={2011},
	publisher={Taylor \& Francis}
}
@book{wainwright2019high,
	title={High-dimensional statistics: A non-asymptotic viewpoint},
	author={Wainwright, Martin J},
	volume={48},
	year={2019},
	publisher={Cambridge University Press}
}
@article{zhang2013communication,
	title={Communication-efficient algorithms for statistical optimization},
	author={Zhang, Yuchen and Duchi, John C and Wainwright, Martin J},
	journal={The Journal of Machine Learning Research},
	volume={14},
	number={1},
	pages={3321--3363},
	year={2013},
	publisher={JMLR. org}
}
@article{jordan2019communication,
	title={Communication-efficient distributed statistical inference},
	author={Jordan, Michael I and Lee, Jason D and Yang, Yun},
	journal={Journal of the American Statistical Association},
	volume={114},
	number={526},
	pages={668--681},
	year={2019},
	publisher={Taylor \& Francis}
}
@article{de1981inequalities,
	title={Inequalities for $ B $-valued random vectors with applications to the strong law of large numbers},
	author={De Acosta, Alejandro and others},
	journal={The Annals of Probability},
	volume={9},
	number={1},
	pages={157--161},
	year={1981},
	publisher={Institute of Mathematical Statistics}
}
@article{chen2012masked,
	title={The masked sample covariance estimator: an analysis using matrix concentration inequalities},
	author={Chen, Richard Y and Gittens, Alex and Tropp, Joel A},
	journal={Information and Inference: A Journal of the IMA},
	volume={1},
	number={1},
	pages={2--20},
	year={2012},
	publisher={OUP}
}
@article{jin2019short,
	title={A short note on concentration inequalities for random vectors with subgaussian norm},
	author={Jin, Chi and Netrapalli, Praneeth and Ge, Rong and Kakade, Sham M and Jordan, Michael I},
	journal={arXiv preprint arXiv:1902.03736},
	year={2019}
}
@book{boyd2004convex,
	title={Convex optimization},
	author={Boyd, Stephen and Vandenberghe, Lieven},
	year={2004},
	publisher={Cambridge university press}
}
@article{bubeck2014theory,
	title={Theory of convex optimization for machine learning},
	author={Bubeck, S{\'e}bastien},
	journal={arXiv preprint arXiv:1405.4980},
	volume={15},
	year={2014},
	publisher={e-print}
}